[
  {
    "id": 798,
    "price": "0.0015100",
    "qty": "87012",
    "quoteQty": "131.3881200",
    "time": 1760502665300,
    "isBuyerMaker": false
  },
  {
    "id": 799,
    "price": "0.0015100",
    "qty": "87012",
    "quoteQty": "131.3881200",
    "time": 1760502665300,
    "isBuyerMaker": false
  },
  {
    "id": 800,
    "price": "0.0015100",
    "qty": "87012",
    "quoteQty": "131.3881200",
    "time": 1760502665301,
    "isBuyerMaker": false
  },
  {
    "id": 801,
    "price": "0.0015100",
    "qty": "87012",
    "quoteQty": "131.3881200",
    "time": 1760502665304,
    "isBuyerMaker": false
  },
  {
    "id": 802,
    "price": "0.0015100",
    "qty": "87012",
    "quoteQty": "131.3881200",
    "time": 1760502665305,
    "isBuyerMaker": false
  },
  {
    "id": 803,
    "price": "0.0015100",
    "qty": "87012",
    "quoteQty": "131.3881200",
    "time": 1760502665305,
    "isBuyerMaker": false
  },
  {
    "id": 804,
    "price": "0.0015100",
    "qty": "87012",
    "quoteQty": "131.3881200",
    "time": 1760502665306,
    "isBuyerMaker": false
  },
  {
    "id": 805,
    "price": "0.0015100",
    "qty": "87012",
    "quoteQty": "131.3881200",
    "time": 1760502665307,
    "isBuyerMaker": false
  },
  {
    "id": 806,
    "price": "0.0015100",
    "qty": "87012",
    "quoteQty": "131.3881200",
    "time": 1760502665307,
    "isBuyerMaker": false
  },
  {
    "id": 807,
    "price": "0.0015100",
    "qty": "87012",
    "quoteQty": "131.3881200",
    "time": 1760502665307,
    "isBuyerMaker": false
  },
  {
    "id": 808,
    "price": "0.0015100",
    "qty": "87012",
    "quoteQty": "131.3881200",
    "time": 1760502665309,
    "isBuyerMaker": false
  },
  {
    "id": 809,
    "price": "0.0015100",
    "qty": "87012",
    "quoteQty": "131.3881200",
    "time": 1760502665310,
    "isBuyerMaker": false
  },
  {
    "id": 810,
    "price": "0.0015100",
    "qty": "87012",
    "quoteQty": "131.3881200",
    "time": 1760502665311,
    "isBuyerMaker": false
  },
  {
    "id": 811,
    "price": "0.0015100",
    "qty": "6688",
    "quoteQty": "10.0988800",
    "time": 1760502665814,
    "isBuyerMaker": false
  },
  {
    "id": 812,
    "price": "0.0015100",
    "qty": "6688",
    "quoteQty": "10.0988800",
    "time": 1760502665817,
    "isBuyerMaker": false
  },
  {
    "id": 813,
    "price": "0.0015100",
    "qty": "6688",
    "quoteQty": "10.0988800",
    "time": 1760502665826,
    "isBuyerMaker": false
  },
  {
    "id": 814,
    "price": "0.0015100",
    "qty": "6688",
    "quoteQty": "10.0988800",
    "time": 1760502665828,
    "isBuyerMaker": false
  },
  {
    "id": 815,
    "price": "0.0015100",
    "qty": "6688",
    "quoteQty": "10.0988800",
    "time": 1760502665828,
    "isBuyerMaker": false
  },
  {
    "id": 816,
    "price": "0.0015100",
    "qty": "6688",
    "quoteQty": "10.0988800",
    "time": 1760502665829,
    "isBuyerMaker": false
  },
  {
    "id": 817,
    "price": "0.0015100",
    "qty": "6688",
    "quoteQty": "10.0988800",
    "time": 1760502665829,
    "isBuyerMaker": false
  },
  {
    "id": 818,
    "price": "0.0015100",
    "qty": "6688",
    "quoteQty": "10.0988800",
    "time": 1760502665829,
    "isBuyerMaker": false
  },
  {
    "id": 819,
    "price": "0.0015100",
    "qty": "6688",
    "quoteQty": "10.0988800",
    "time": 1760502665829,
    "isBuyerMaker": false
  },
  {
    "id": 820,
    "price": "0.0015100",
    "qty": "6688",
    "quoteQty": "10.0988800",
    "time": 1760502665831,
    "isBuyerMaker": false
  },
  {
    "id": 821,
    "price": "0.0015100",
    "qty": "6688",
    "quoteQty": "10.0988800",
    "time": 1760502665832,
    "isBuyerMaker": false
  },
  {
    "id": 822,
    "price": "0.0015100",
    "qty": "6688",
    "quoteQty": "10.0988800",
    "time": 1760502665832,
    "isBuyerMaker": false
  },
  {
    "id": 823,
    "price": "0.0015100",
    "qty": "6615",
    "quoteQty": "9.9886500",
    "time": 1760502665977,
    "isBuyerMaker": false
  },
  {
    "id": 824,
    "price": "0.0015100",
    "qty": "45342",
    "quoteQty": "68.4664200",
    "time": 1760502672111,
    "isBuyerMaker": false
  },
  {
    "id": 825,
    "price": "0.0015100",
    "qty": "2650",
    "quoteQty": "4.0015000",
    "time": 1760502681130,
    "isBuyerMaker": false
  },
  {
    "id": 826,
    "price": "0.0015100",
    "qty": "103924",
    "quoteQty": "156.9252400",
    "time": 1760502681139,
    "isBuyerMaker": false
  },
  {
    "id": 827,
    "price": "0.0015100",
    "qty": "1890",
    "quoteQty": "2.8539000",
    "time": 1760502682991,
    "isBuyerMaker": false
  },
  {
    "id": 828,
    "price": "0.0015100",
    "qty": "9451",
    "quoteQty": "14.2710100",
    "time": 1760502682992,
    "isBuyerMaker": false
  },
  {
    "id": 829,
    "price": "0.0015100",
    "qty": "22508",
    "quoteQty": "33.9870800",
    "time": 1760502685561,
    "isBuyerMaker": false
  },
  {
    "id": 830,
    "price": "0.0015100",
    "qty": "112538",
    "quoteQty": "169.9323800",
    "time": 1760502685562,
    "isBuyerMaker": false
  },
  {
    "id": 831,
    "price": "0.0015100",
    "qty": "85866",
    "quoteQty": "129.6576600",
    "time": 1760502685569,
    "isBuyerMaker": false
  },
  {
    "id": 832,
    "price": "0.0015100",
    "qty": "93596",
    "quoteQty": "141.3299600",
    "time": 1760502685570,
    "isBuyerMaker": false
  },
  {
    "id": 833,
    "price": "0.0015100",
    "qty": "100663",
    "quoteQty": "152.0011300",
    "time": 1760502685570,
    "isBuyerMaker": false
  },
  {
    "id": 834,
    "price": "0.0015100",
    "qty": "107181",
    "quoteQty": "161.8433100",
    "time": 1760502685572,
    "isBuyerMaker": false
  },
  {
    "id": 835,
    "price": "0.0015100",
    "qty": "10077",
    "quoteQty": "15.2162700",
    "time": 1760502685572,
    "isBuyerMaker": false
  },
  {
    "id": 836,
    "price": "0.0015100",
    "qty": "38718",
    "quoteQty": "58.4641800",
    "time": 1760502685572,
    "isBuyerMaker": false
  },
  {
    "id": 837,
    "price": "0.0015100",
    "qty": "101849",
    "quoteQty": "153.7919900",
    "time": 1760502685573,
    "isBuyerMaker": false
  },
  {
    "id": 838,
    "price": "0.0015100",
    "qty": "39503",
    "quoteQty": "59.6495300",
    "time": 1760502685573,
    "isBuyerMaker": false
  },
  {
    "id": 839,
    "price": "0.0015100",
    "qty": "15030",
    "quoteQty": "22.6953000",
    "time": 1760502685578,
    "isBuyerMaker": false
  },
  {
    "id": 840,
    "price": "0.0015100",
    "qty": "24270",
    "quoteQty": "36.6477000",
    "time": 1760502685581,
    "isBuyerMaker": false
  },
  {
    "id": 841,
    "price": "0.0015100",
    "qty": "17788",
    "quoteQty": "26.8598800",
    "time": 1760502685590,
    "isBuyerMaker": false
  },
  {
    "id": 842,
    "price": "0.0015100",
    "qty": "27614",
    "quoteQty": "41.6971400",
    "time": 1760502685592,
    "isBuyerMaker": false
  },
  {
    "id": 843,
    "price": "0.0015100",
    "qty": "26347",
    "quoteQty": "39.7839700",
    "time": 1760502685592,
    "isBuyerMaker": false
  },
  {
    "id": 844,
    "price": "0.0015100",
    "qty": "6809",
    "quoteQty": "10.2815900",
    "time": 1760502685593,
    "isBuyerMaker": false
  },
  {
    "id": 845,
    "price": "0.0015100",
    "qty": "24233",
    "quoteQty": "36.5918300",
    "time": 1760502685593,
    "isBuyerMaker": false
  },
  {
    "id": 846,
    "price": "0.0015100",
    "qty": "23782",
    "quoteQty": "35.9108200",
    "time": 1760502685594,
    "isBuyerMaker": false
  },
  {
    "id": 847,
    "price": "0.0015100",
    "qty": "17162",
    "quoteQty": "25.9146200",
    "time": 1760502685596,
    "isBuyerMaker": false
  }
]